<collection xmlns="http://www.loc.gov/MARC21/slim">
   <record>
      <leader>04418nam a2200505 i 4500</leader>
      <controlfield tag="001">6720283</controlfield>
      <controlfield tag="003">OCoLC</controlfield>
      <controlfield tag="005">20141104152336.0</controlfield>
      <controlfield tag="006">m     o  d        </controlfield>
      <controlfield tag="007">cr un|---uuuuu</controlfield>
      <controlfield tag="008">140527s2015    enka    ob    001 0 eng  </controlfield>
      <datafield ind1=" " ind2=" " tag="010">
         <subfield code="a">  2014019874</subfield>
      </datafield>
      <datafield ind1=" " ind2=" " tag="020">
         <subfield code="z">9781118406304 (ePub)</subfield>
      </datafield>
      <datafield ind1=" " ind2=" " tag="020">
         <subfield code="z">1118406303 (ePub)</subfield>
      </datafield>
      <datafield ind1=" " ind2=" " tag="020">
         <subfield code="a">9781118406281</subfield>
         <subfield code="q">electronic bk.</subfield>
      </datafield>
      <datafield ind1=" " ind2=" " tag="020">
         <subfield code="a">1118406281</subfield>
         <subfield code="q">electronic bk.</subfield>
      </datafield>
      <datafield ind1=" " ind2=" " tag="020">
         <subfield code="a">9781118406311 (electronic bk. : Adobe PDF)</subfield>
      </datafield>
      <datafield ind1=" " ind2=" " tag="020">
         <subfield code="a">1118406311 (electronic bk. : Adobe PDF)</subfield>
      </datafield>
      <datafield ind1=" " ind2=" " tag="020">
         <subfield code="z">9781118406328 (hardback)</subfield>
      </datafield>
      <datafield ind1=" " ind2=" " tag="035">
         <subfield code="a">ocn880672250</subfield>
      </datafield>
      <datafield ind1=" " ind2=" " tag="039">
         <subfield code="a">exclude</subfield>
      </datafield>
      <datafield ind1=" " ind2=" " tag="040">
         <subfield code="a">DLC</subfield>
         <subfield code="e">rda</subfield>
         <subfield code="b">eng</subfield>
         <subfield code="c">DLC</subfield>
         <subfield code="d">YDX</subfield>
         <subfield code="d">N$T</subfield>
         <subfield code="d">IDEBK</subfield>
         <subfield code="d">OCLCF</subfield>
         <subfield code="d">YDXCP</subfield>
         <subfield code="d">DG1</subfield>
         <subfield code="d">AEU</subfield>
      </datafield>
      <datafield ind1=" " ind2=" " tag="042">
         <subfield code="a">pcc</subfield>
      </datafield>
      <datafield ind1="1" ind2="4" tag="050">
         <subfield code="a">TP370</subfield>
         <subfield code="b">.C67 2015</subfield>
      </datafield>
      <datafield ind1="0" ind2="0" tag="082">
         <subfield code="a">664/.02</subfield>
         <subfield code="2">23</subfield>
      </datafield>
      <datafield ind1=" " ind2=" " tag="084">
         <subfield code="a">TEC012000</subfield>
         <subfield code="2">bisacsh</subfield>
      </datafield>
      <datafield ind1=" " ind2=" " tag="090">
         <subfield code="a">Internet Access</subfield>
         <subfield code="b">AEU</subfield>
      </datafield>
      <datafield ind1="0" ind2="0" tag="245">
         <subfield code="a">Conventional and advanced food processing technologies /</subfield>
         <subfield code="c">edited by Suvendu Bhattacharya.</subfield>
      </datafield>
      <datafield ind1=" " ind2="1" tag="264">
         <subfield code="a">Chichester, West Sussex, UK ;</subfield>
         <subfield code="a">Hoboken, NJ :</subfield>
         <subfield code="b">Wiley Blackwell,</subfield>
         <subfield code="c">2015.</subfield>
      </datafield>
      <datafield ind1=" " ind2=" " tag="300">
         <subfield code="a">1 online resource (xxvii, 712 pages, 12 unnumbered pages of plates)</subfield>
      </datafield>
      <datafield ind1=" " ind2=" " tag="336">
         <subfield code="a">text</subfield>
         <subfield code="2">rdacontent</subfield>
         <subfield code="0">http://id.loc.gov/vocabulary/contentTypes/txt</subfield>
      </datafield>
      <datafield ind1=" " ind2=" " tag="337">
         <subfield code="a">computer</subfield>
         <subfield code="2">rdamedia</subfield>
         <subfield code="0">http://id.loc.gov/vocabulary/mediaTypes/c</subfield>
      </datafield>
      <datafield ind1=" " ind2=" " tag="338">
         <subfield code="a">online resource</subfield>
         <subfield code="2">rdacarrier</subfield>
         <subfield code="0">http://id.loc.gov/vocabulary/carriers/cr</subfield>
      </datafield>
      <datafield ind1=" " ind2=" " tag="504">
         <subfield code="a">Includes bibliographical references and index.</subfield>
      </datafield>
      <datafield ind1=" " ind2=" " tag="506">
         <subfield code="a">Access restricted to authorized users and institutions.</subfield>
      </datafield>
      <datafield ind1=" " ind2=" " tag="520">
         <subfield code="a">"This book will discuss conventional and advanced food processing techniques in detail, outlining their specific applications along with examples, models, and suggestions for further reading for students and professionals, including those without an advanced background knowledge of food processing. Section1 will be dedicated to the conventional food processing techniques which are presently the most widely used globally, while Section 2 will look at the more advanced techniques which may indicate the future direction of food processing. Each chapter will have the following structure: Practical applications Machinery employed Models available Case study Recent trends References By following this structure, an dedicating each chapter to a different technology, the book will be a useful practical and academic reference, taking account of the practical questions which are of prime importance to the industry (such as the machinery required and costs involved), as well as the theoretical background and cutting edge research which academics will value. The inclusion of a detailed case study in each chapter is a major strength and will be a key point of interest for both practitioners and academics. The book will cover all the major processing technologies currently in use, and the advanced technologies that may be expected to be increasingly employed in the future. It will show that, in reality, conventional and advanced technologies are often operated together, and are not mutually exclusive. This book will be appropriate for professionals in the food processing industry, and also for postgraduate students seeking an insight into food processing technologies. The book brings together the practical applications and implications of different food processing operations into a single volume, ideal for reference and practical purposes alike. The fusion of the practical (case studies, machinery) and the theoretical (models and research) with an up-to-date sensibility (each chapter contains a section which focuses explicitly on recent trends), makes this book ideal for industry, academia and reference use"--</subfield>
         <subfield code="c">Provided by publisher.</subfield>
      </datafield>
      <datafield ind1=" " ind2=" " tag="588">
         <subfield code="a">Description based on online resource; title from digital title page (viewed on September 25, 2014).</subfield>
      </datafield>
      <datafield ind1=" " ind2=" " tag="596">
         <subfield code="a">44</subfield>
      </datafield>
      <datafield ind1=" " ind2="0" tag="650">
         <subfield code="a">Food industry and trade.</subfield>
         <subfield code="0">http://id.loc.gov/authorities/subjects/sh85050282</subfield>
      </datafield>
      <datafield ind1="1" ind2=" " tag="700">
         <subfield code="a">Bhattacharya, Suvendu,</subfield>
         <subfield code="e">editor.</subfield>
         <subfield code="0">http://id.loc.gov/authorities/names/n2014027948</subfield>
         <subfield code="0">http://viaf.org/viaf/308752786</subfield>
      </datafield>
      <datafield ind1=" " ind2=" " tag="758">
         <subfield code="0">http://worldcat.org/entity/work/id/366366359</subfield>
      </datafield>
      <datafield ind1="0" ind2=" " tag="787">
         <subfield code="n">OCLC Work Id</subfield>
         <subfield code="o">http://worldcat.org/entity/work/id/366366359</subfield>
      </datafield>
      <datafield ind1="4" ind2="0" tag="856">
         <subfield code="3">University of Alberta Access</subfield>
         <subfield code="u">http://dx.doi.org/10.1002/9781118406281</subfield>
         <subfield code="z">(Unlimited Concurrent Users)</subfield>
      </datafield>
      <datafield ind1=" " ind2=" " tag="949">
         <subfield code="h">UAIN</subfield>
         <subfield code="z">WILEYOL</subfield>
      </datafield>
      <datafield ind1=" " ind2=" " tag="926">
         <subfield code="a">Internet Access</subfield>
         <subfield code="w">LC</subfield>
         <subfield code="c">1</subfield>
         <subfield code="i">6720283-1001</subfield>
         <subfield code="l">INTERNET</subfield>
         <subfield code="m">UAINTERNET</subfield>
         <subfield code="r">Y</subfield>
         <subfield code="s">Y</subfield>
         <subfield code="t">E-RESOURCE</subfield>
         <subfield code="u">11/6/2014</subfield>
         <subfield code="x">E-BOOK</subfield>
         <subfield code="z">WILEYOL</subfield>
      </datafield>
   </record>
</collection>
